@incollection{backwardequation,
  author = {Paul Wilmott},
  title = {probability density functions and first-exit times},
  booktitle = {Paul Wilmott on Quantitative Finance},
  publisher = {John Wiley \& Sons},
  year = {2013},
  pages = {175},
  chapter = {10}
}


@incollection{eulerscheme,
  author = {Paul Wilmott},
  title = {numerical methods and programs},
  booktitle = {Paul Wilmott on Quantitative Finance},
  publisher = {John Wiley \& Sons},
  year = {2013},
  pages = {1266},
  chapter = {80}
}

@incollection{asianoption,
  author = {Paul Wilmott},
  title = {exotic contracts and path dependency},
  booktitle = {Paul Wilmott on Quantitative Finance},
  publisher = {John Wiley \& Sons},
  year = {2013},
  pages = {428},
  chapter = {25}
}

@incollection{lookbackoption,
  author = {Paul Wilmott},
  title = {exotic contracts and path dependency},
  booktitle = {Paul Wilmott on Quantitative Finance},
  publisher = {John Wiley \& Sons},
  year = {2013},
  pages = {445},
  chapter = {26}
}